<record><leader>00000cas a2200000 a 4500</leader><controlfield tag="001">14640128</controlfield><controlfield tag="008">861105d18461846wiuwr ne      0    0eng c</controlfield><datafield ind1=" " ind2=" " tag="010"><subfield code="a">sn 86086606 </subfield></datafield><datafield ind1=" " ind2=" " tag="040"><subfield code="a">NPV</subfield><subfield code="b">eng</subfield><subfield code="c">NPV</subfield><subfield code="d">DLC</subfield><subfield code="d">NPV</subfield><subfield code="d">NVF</subfield><subfield code="d">CUI</subfield><subfield code="d">OCLCQ</subfield><subfield code="d">OCLCF</subfield></datafield><datafield ind1="1" ind2=" " tag="029"><subfield code="a">AU@</subfield><subfield code="b">000025830565</subfield></datafield><datafield ind1=" " ind2=" " tag="042"><subfield code="a">pcc</subfield></datafield><datafield ind1=" " ind2=" " tag="043"><subfield code="a">n-us-wi</subfield></datafield><datafield ind1="0" ind2="0" tag="050"><subfield code="a">Newspaper</subfield></datafield><datafield ind1=" " ind2="4" tag="050"><subfield code="a">AN</subfield></datafield><datafield ind1="0" ind2=" " tag="130"><subfield code="a">Milwaukee weekly sentinel (Milwaukee, Wis. : 1846)</subfield></datafield><datafield ind1="1" ind2="0" tag="245"><subfield code="a">Milwaukee weekly sentinel.</subfield></datafield><datafield ind1="1" ind2="3" tag="246"><subfield code="a">Weekly sentinel</subfield></datafield><datafield ind1=" " ind2=" " tag="260"><subfield code="a">Milwaukie [i.e. Milwaukee], Wis. :</subfield><subfield code="b">[s.n.]</subfield></datafield><datafield ind1=" " ind2=" " tag="300"><subfield code="a">v. :</subfield><subfield code="b">ill. (chiefly advertisements)</subfield></datafield><datafield ind1=" " ind2=" " tag="310"><subfield code="a">Weekly</subfield></datafield><datafield ind1="1" ind2=" " tag="362"><subfield code="a">Began in Feb. 1846; ceased in Mar., 1846.</subfield></datafield><datafield ind1=" " ind2=" " tag="515"><subfield code="a">Vols. for &lt;Feb. 20-27, 1846&gt; called also whole no. &lt;439-440&gt;.</subfield></datafield><datafield ind1=" " ind2=" " tag="580"><subfield code="a">Other ed.: Daily sentinel and gazette, 1846.</subfield></datafield><datafield ind1=" " ind2=" " tag="588"><subfield code="a">Description based on: Vol. 9, no. 23 (Feb. 20, 1846) = Whole no. 439.</subfield></datafield><datafield ind1=" " ind2="0" tag="651"><subfield code="a">Milwaukee (Wis.)</subfield><subfield code="v">Newspapers.</subfield></datafield><datafield ind1=" " ind2="0" tag="651"><subfield code="a">Milwaukee County (Wis.)</subfield><subfield code="v">Newspapers.</subfield></datafield><datafield ind1=" " ind2="7" tag="655"><subfield code="a">Newspapers.</subfield><subfield code="2">fast</subfield><subfield code="0">(OCoLC)fst01423814</subfield></datafield><datafield ind1=" " ind2="7" tag="651"><subfield code="a">Wisconsin</subfield><subfield code="z">Milwaukee.</subfield><subfield code="2">fast</subfield><subfield code="0">(OCoLC)fst01206626</subfield></datafield><datafield ind1=" " ind2="7" tag="651"><subfield code="a">Wisconsin</subfield><subfield code="z">Milwaukee County.</subfield><subfield code="2">fast</subfield><subfield code="0">(OCoLC)fst01202910</subfield></datafield><datafield ind1=" " ind2=" " tag="752"><subfield code="a">United States</subfield><subfield code="b">Wisconsin</subfield><subfield code="c">Milwaukee</subfield><subfield code="d">Milwaukee.</subfield></datafield><datafield ind1=" " ind2=" " tag="752"><subfield code="a">United States</subfield><subfield code="b">Wisconsin</subfield><subfield code="c">Washington</subfield><subfield code="d">Milwaukee.</subfield></datafield><datafield ind1="1" ind2=" " tag="775"><subfield code="t">Daily sentinel and gazette</subfield><subfield code="w">(DLC)sn 86086589</subfield><subfield code="w">(OCoLC)14642848</subfield></datafield><datafield ind1="0" ind2="8" tag="776"><subfield code="i">Online version:</subfield><subfield code="t">Milwaukee weekly sentinel (Milwaukee, Wis. : 1846 : Online)</subfield><subfield code="w">(OCoLC)655417594</subfield></datafield><datafield ind1="0" ind2="0" tag="780"><subfield code="t">Milwaukie weekly sentinel</subfield><subfield code="w">(DLC)sn 86086605</subfield><subfield code="w">(OCoLC)14640076</subfield></datafield><datafield ind1="0" ind2="7" tag="785"><subfield code="t">Milwaukie semi-weekly gazette</subfield><subfield code="w">(DLC)sn 86086824</subfield><subfield code="w">(OCoLC)14927967</subfield></datafield><datafield ind1="0" ind2="7" tag="785"><subfield code="t">Milwaukee sentinel and gazette (Milwaukee, Wis. : 1846)</subfield><subfield code="w">(DLC)sn 86086607</subfield><subfield code="w">(OCoLC)14640189</subfield></datafield></record>